%% report.bib - contains BiBtex input for bibliography 

%Article list
@article{geng11,
           author="Geng, Jason.",
           title="Structured-light 3D surface imaging: a tutorial",
           journal="IEEE Intelligent Transportation System Society",
           year="31 March 2011",
}

@article{liuk10,
	author="Liu, K. and Wang, Yongchang. and  Lau, Daniel. and Hao, Qi. and Hassebrook, Laurence G.",
	title="Dual-frequency pattern scheme for high-speed 3-D shape measurement",
	journal="Opt. Express",
	year="1 March 2010",
}

@article{guan03,
            author="Guan C. and Hassebrook and L. G. and Lau, D. L.",
            title="Composite structured light pattern for three-dimensional video",
            journal="Opt. Express",
            volume="11",
            number="5",
            year="10 March 2003",
}

@article{srin85,
            author="Srinivasan and H.C. and Liu, H. C. and Halioua, M.",
            title="Automated phase measuring profilometry: a phase mapping approachl",
            journal="Appl. Opt.",
            volume="24",
            pages="185-188",
            year="1985",
}

@article{curl00,
          author="Curless, Brian.",
          title="From range scan to 3D models",
          publisher="ACM SIGGRAPH",
          journal="Computer Graphics",
          volume="33",
	number="4",
          pages="38-41",
          year="November 2000",
}

@article{blai03,
          author="Blais, F.",
          title="A review of 20 years of range sensor developement",
          publisher="Videometrics VII",
          journal="Proceedings of SPIE-IS\&T Electronic Imaging",
          volume="5013",
          pages="62-76",
          year="2003",
}

@article{chen00,
          author="Chen, F. and Brown, G. M. and Song, M.",
          title="Overview of three-dimensional shape measurement using optical methods",
          journal="Opt. Eng.",
          volume="39",
          pages="10-22",
          year="2000",
}

@article{jarv05,
          author="Jarvis, R. A.",
          title="A perspective on range finding techniques for computer vision",
          journal="IEEE Trans. Pattern Anal. Mach. Intell.",
          volume="5",
     	pages="122-139",
          year="2005",
}

@article{kimc05,
          author="Kim, C. and Park, J. and Yi, J. and Turk, M.",
          title="Structured light based depth edge detection for object shape recovery",
          journal= "Proceedings of IEEE Computer Society Conference on Computer Vision and Pattern Recognition (CVPR '05)",
          year="2005",
}

@article{wang10,
          author="Wang, Y. and Lau, D. L. and Hassebrook, L. G.",
          title="Fit-sphere unwrapping and performance analysis of 3d fingerprints",
          journal="Applid Optics",
          volume="49",
 	number="4",
          pages="592-600",
          year="2010",
}

@article{lij97,
	author="Li, J. L. and Su, H. J. and Su, X. Y.",
	title="Two-frenquency grating used in phase-measuring profilometry",
	journal="Appl. Opt.",
	volume="36",
	pages="277-280",
	year="1997",
}

@article{judg94,
	author="Judge, T. R. and Bryanston-Cross, P. J.",
	title="A review of phase unwrapping techniques in fringe analysis",
	journal="Opt. Lasers Eng.",
	volume="21",
	pages="199-239",
	year="1994",
}

@article{zhao94,
	author="Zhao, H. and Chen, W. and Tan, Y.",
	title="Phase unwrapping algorithm for the measurement of three-dimensional object shapes ",
	journal="Appl. Opt.",
	volume="33",
	pages="4497-4500",
	year="1994",
}

@article{lijl03,
	author="Li, J. and Hassebrook, L. G. and Guan, C.",
	title="Optimized two-frequency phase measuring profilometry light sensor temporal noise sensitivity",
	journal="J. Opt. Soc. Am.",
	volume="20",
	pages="106-115",
	year="2003",
}

@article{gort10,
	author="Siva Gorthi, S. and Rastogi, P.",
	title="Fringe projection techniques: whither we are?",
	journal="Opt. Laser Eng.",
	volume="48",
	number="2",
	pages="133-140",
	year="2010",
}

@article{huan06,
	author="Huang, P. S. and Zhang, S.",
	title="A fast three-step phase shifting algorithm",
	journal="Appl. Opt.",
	volume="45",
	number="21",
	pages="5086-5091",
	year="2006",
}

@article{posd82,
	author="Posdamer, J. L. and Altschuler, M. D.",
	title="Surface measurement by space-encoded projected beam systems",
	journal="Comput. Graph. Image Processing",
	volume="18",
	number="1",
	pages="1-17",
	year="1982",
}

@article{valk98,
	author="Valkenburg, R. J. and McIvor, A. M.",
	title="Accurate 3D measurement using a structured light system",
	journal="Image Vision Comput.",
	volume="16",
	number="2",
	pages="99-110",
	year="1998",
}

@article{krat93,
	author="Krattenthaler, W. and Mayer, K. J. and Duwe, H. P.",
	title="3D-surface measurement with coded light approach",
	journal="Proceedings of the 17th Meeting of the Austrian Association for Pattern Recognition on Image Analysis and Synthesis",
	volume="12",
	pages="103-114",
	year="1993",
}

@article{geng96,
	author="Geng, J.",
	title="Rainbow three-dimensional camera: new concept of high-speed three-dimensional vision system",
	journal="Opt. Eng.",
	volume="35",
	number="2",
	pages="376-383",
	year="1996",
}

@article{heik10,
	author="Heike, C. L. and Upson, K. and Stuhaug, E. and Weinberg, S. M.",
	title="3D digital stereophotogrammetry: a practical guide to facial image acquisition",
	journal="Head Face Med.",
	volume="6",
	number="1",
	number="18",
	year="2010",
}

@article{zhan06,
	author="Zhang, S. and Huang, P. S.",
	title="High-resolution, real-time three-dimensinal shape measurement",
	journal="Opt. Eng.",
	volume="45",
	number="123601",
	year="2006",
}

@article{wust91,
	author="Wust, C. and Capson, D. W.",
	title="Surface profile measurement using color fringe projection",
	journal="Machine Vision and Applications",
	volume="4",
	pages="193-203",
	year="1991",
}

@article{boye87,
	author="Boyer, K. L. and Kak, A. C.",
	title="Color-encoded structured light for rapid active ranging",
	journal="IEEE Trans. Pattern Anal. Mach. Intell.",
	volume="9",
	number="1",
	pages="14-28",
	year="1987",
}

@article{fern10,
	author="Fernandez, S. and Salvi, J and Pribanic, T",
	title="Absolute phase mapping for one-shot dense pattern projection",
	journal="IEEE Computer Society Conference on Computer Vision and Pattern Recognition Workshops",
	address="San Francisco, Calif.",
	year="2010",
	month="June 3-18"
}

@article{maru93,
	author="Maruyama, M and Abe, S.",
	title="Range sensing by projecting multiple slits with random cuts",
	journal="IEEE Trans. Pattern Aanl. Mach. Intell.",
	volume="15",
	number="6",
	pages="647-651",
	year="1993",
}

@article{durd98,
	author="Durdle, N. G. and Thayyoor, J. and Raso, V. J.",
	title="An improved structured light technique for surface reconstruction of the human trunk,",
	journal="IEEE Canadian Conference of Electrical and Computer Engineering",
	volume="2",
	pages="874-877",
	year="1998",
}

@article{zhan02,
	author="Zhang, L. and Curless, B. and Seitz, S. M.",
	title="Rapid shape acquisition using color structured light and multi-pass dynamic programming",
	journal="First International Symposium on 3D Data Processing Visualization and Transmission",
	pages="24-36",
	year="2002",
}

@article{page05,
	author="Pages, J. and Salvi, J. and Collewet, C. and Forest, J",
	title="Optimised De Bruijn patterns for one-shot shape acquisition",
	journal="Optics \& Laser Technology",
	volume="23",
	pages="707-720",
	year="2005",
}

@article{mori88,
	author="Morita, H. and Yajima, K. and Sakata, S.",
	title="Reconstruction of surfaces of 3-D objects by M-array pattern projection method",
	journal="in Second International Conference of Computer Vision",
	pages="468-473",
	year="1988",
}

@article{lemo88,
	author="Le Moigne, J. and Waxman, A. M.",
	title="Structured light patterns for robot mobility",
	journal="IEEE J. Robot. Automat.",
	volume="4",
	number="5",
	pages="541-548",
	year="1988",
}

@article{osma09,
	author="Osman Ulusoy, A. and Calakli, F. and Taubin, G",
	title="One-shot scanning using De Bruijn spaced grids",
	journal="in IEEE 12th International Conference on Computer Vision Workshops",
	pages="1786-1792",
	year="2009",
}

@article{grin92,
	author="Grin, P. M. and Narasimhan, L. S. and Yee, S. R.",
	title="Generation of uniquely encoded light patterns for range data acquisition",
	journal="Pattern Recog.",
	volume="25",
	number="6",
	pages="609-616",
	year="1992",
}

@article{petr00,
	author="Petriu, E. M. and Sakr, Z. and Spoelder, H. J. W. and Moica, A.",
	title="Object recognition using pseudo-random color encoded structured light",
	journal="in Proceedings of the 17th IEEE Instrumentation and Measurement Technology Conference",
	volume="3",
	pages="1237-1241",
	year="2000",
}

@article{page03,
	author="Pages, J. and Salvi, J. and Matabosch, C.",
	title="Robust segmentation and decoding of a grid pattern for structured light",
	journal="Pattern Recognition and Image Analysis, Leture Notes in Computer Science",
	volume="2652",
	pages="689-696",
	year="2003",
}

@article{chen08,
	author="Chen, S. Y. and Li, Y. F. and Zhang J.",
	title="Vision processing for realtime 3-d data acquisition based on coded structured light",
	journal="IEEE Transaction on Image Processing",
	volume="17",
	pages="167-176",
	year="2008",
}

@article{desj07,
	author="Desjardins, D. and Payeur, P.",
	title="Dense stereo range sensing with marching pseudo-random patterns",
	journal="in Fourth Canadian Conference on Computer and Robot Vision",
	pages="216-226",
	year="2007",
}

@article{srin84,
	author="Srinivasan, V. and Liu, H. and Halioua, M.",
	title="Automated phase-measuring profilometry of 3d diffuse objects",
	journal="Appl. Opt.",
	volume="23",
	number="18",
	pages="3105-3108",
	year="1984",
}

@article{huan04,
	author="Huang, P. S. and Zhang, S. and Chiang, F. P.",
	title="Trapezoidal phase-shifting method for 3-d shape measurement",
	journal="Proc. SPIE",
	volume="5606",
	year="2004",
}

@article{zhan07,
	author="Zhang, S. and Yau, S.",
	title="High-speed three-dimensional shape measurement system using a modified two-plus-one phase shfiting algorithm",
	journal="Opt. Eng.",
	volume="46",
	number="11",
	pages="113603-1 - 113603-6",
	year="2007",
}

@article{jiap07,
	author="Jia, P. and Kofman, J. and English, C.",
	title="Intensity-ratio error compensation for triangular-pattern phase-shifting profilometry",
	journal="J. Opt. Soc. Am. A",
	volume="24",
	pages="3150-3158",
	year="2007",
}

@article{hali89,
	author="Halioua, M. and Liu, H.",
	title="Optical three-dimensional sensing by phase measuring profilometry",
	journal="Opt. Lasers Eng.",
	volume="11",
	pages="185-215",
	year="1989",
}

@article{mark01, 
	author="O. Marklund", 
	journal="IEEE Trans. Image Processing", 
	title="An anisotropic evolution formulation applied in 2-D unwrapping of discontinuous phase surfaces", 
	year="2001", 
	volume="10", 
	number="11", 
	pages="1700-1711", 
	ISSN="1057-7149", 
	month="Nov",
}
@article{grah74,
	author="L. C. Graham",
	title="Synthetic interferometer radar for topographic mapping",
	journal="Proc. IEEE",
	volume="62",
	number="6",
	pages="763-768",
	year="1974",
}
@article{hedl92,
	author="M. Hedley and D. Rosenfeld",
	title="A new two-dimensional phase unwrapping algorithm for mri images",
	journal="Magnetic Resonance in Medicine",
	volume="24",
	number="1",
	pages="177-181",
	year="1992",
}
@article{pand94,
	author="S. M. Pandit and N. Jordache and G. A. Joshi",
	title="Data-dependent systems methodology for noise-insensitive phase unwrapping in laser interferometric surface characterization",
	journal="J. Opt. Soc. Am. A",
	volume="11",
	number="10",
	pages="2584-2592",
	year="1994",
}
@article{liuy12,
	author="Y. Liu and D. Huang and Y. Jiang",
	title="Flexible error-reduction method for shape measurement by temporal phase unwrapping: phase averaging method",
	journal="Appl. Opt.",
	volume="51",
	number="21",
	pages="4945-4953",
	year="2012",
}
@article{hunt93,
	author="J. M. Huntley and H. Saldner",
	title="Temporal phase-unwrapping algorithm for automated interferogram analysis",
	journal="Appl. Opt.",
	volume="32",
	number="17",
	pages="3047-3052",
	year="1993",
}
%---------------------------------------- Ported from DualProjector Paper ----------------------------------------------------------------------------------------------------------------------------
@article{inde78,
	author="G. Indebetouw",
	title= "Profile measurement using projection of running fringes", 
	journal="Appl.  Opt.",
	volume="17",
	page="2930-2933",
	year="1978",
}
%\bibitem{posd82}J. L. Posdamer, and M. D. Altschuler, ``Surface measurement by space-encoded projected beam systems", \cgip {\bf 18}(1), 1-17(1982).
%\bibitem{boyer87}K. L. Boyer, and A. C. Kak, ``Color-encoded structured light for rapid active ranging",  \pami {\bf 9}{1}, 14-28(1987).
%\bibitem{geng11}J. Geng, ``Structured-light 3D surface imaging: a tutorial", \aop {\bf 3}, 128-160(2011).
%\bibitem{srin85}V. Srinivasan, H. C. Liu, and M. Halioua, ``Automated phase measuring profilometry: a phase mapping approach", \ao {\bf 24}, 185-188(1985).
%\bibitem{gort10}S. Siva Gorthi, and P. Rastogi, `` Fringe projection techniques: whither we are?", \ole {\bf 48}(2), 133-140(2010).
%\bibitem{guan03}C. Guan, L. G. Hassebrook, and D. L. Lau, `` Composite structured light pattern for three-dimensional video", \opex {\bf 11} (5), 406-417(2003).
%\bibitem{liuk10}K .Liu, Y. Wang, D. L. Lau, Q. Hao, and L. G. Hassebrook, ``Dual-frequency pattern scheme for high-speed 3-D shape measurement,'' \opex {\bf 18}(5), 5229--5244 (2010).
@article{zhan17,
	author="G. Zhan and H. Tang and K. Zhong and Z. Li and Y. Shi and C. Wang",
	title="High-speed FPGA-based phase measuring profilometry architecture",
	journal="Opt. Express",
	volume="25",
	number="9",
	pages="10553-10564",
	year="2017",
}
@article{deet17,
	author="M. E. Deetjen and A. A. Biewener and D. Lentink",
	title="High-speed surface reconstruction of a flying bird using structured light",
	journal= "J. Expe. Biology",
	volume="220",
	pages="1956-1961",
	year="2017",
}
@article{zhan12,
	author="Z. H. Zhang",
	title="Review of single-shot 3D shape measurement by phase calculation-based fringe projection techniques",
	journal="Opt. Lasers Eng.",
	volume="50",
	pages="1097-1106",
	year="2012",
}
@article{lieb05,
	author="E. B. Li and X. Peng and J. Xi, J. F. Chicharo and J. Q. Yao and D. W. Zhang",
	title="Multi-frequency and multiple phase-shift sinusoidal fringe projection for 3D profilometry",
	journal="Opt. Express",
	volume="13",
	number="5",
	pages="1561-1569",
	year="2005",
}
@article{zuoc16,
	author="C. Zuo and L. Huang and M. Zhang, Q. Chen and A. Asundi",
	title="Temporal phase unwrapping algorithms for fringe projection profilometry: A comparative review",
	journal="Opt. Lasers Eng.",
	volume="85",
	pages="84-103",
	year="2016",
}
@article{ding11,
	author="Y. Ding and J. Xi and Y. Yu and J. F. Chicharo",
	title="Recovering the absolute phase maps of two fringe patterns with selected frequencies",
	journal="Opt. Lett.",
	volume="36",
	number="13",
	pages="2518-2520",
	year="2011",
}
@article{song18,
	author="J. Song and Y. S. Ho and D. L. Lau and K. Liu",
	title="Universal phase unwarpping for phase measuring profilometry using geometry analysis",
	journal="Proc. SPIE",
	volume="10546",
	pages="0B0-0B8",
	year="2018",
}
@article{suwh06,
	author="W. H. Su and H. Liu",
	title="Calibration-based two-frequency projected fringe profilometry: a robust, accurate, and single-shot measurement for objects with large depth discontinuities",
	journal="Opt. Express",
	volume="14",
	number="20",
	pages="9178-9187",
	year="2006",
}
@article{zhang06,
	author="S. Zhang and S. T. Yau",
	title="High-resolution, real-time 3D absolute coordinate measurement based on a phase-shifting method",
	journal= "Opt. Express",
	volume="14",
	number="7",
	pages="2644-2649",
	year="2006",
}
@article{otoo16,
	author="M. O'Toole and J. Mather and K. N. Kutulakos",
	title="3D shape and indirect appearance by structured light transport",
	journal="IEEE Trans. Pattern Anal. Mach. Intell.",
	volume="38",
	number="7",
	pages="1298-1312",
	year="2016"
}
@article{linj13,
	author="J. Lin and K. Jiang and  M. Chang",
	title="A novel solution for camera occlusion in stereo vision technique",
	journal="Adv. Mech. Eng.",
	volume="2013",
	pages="1-8",
	year="2013",
}
@article{zhan08,
	author="S. Zhang and S. T. Yau",
	title="Three-dimensional shape measurement using a structured light system with dual cameras",
	journal="Opt. Eng.",
	volume="47",
	number="1",
	pages="0136041-01360412",
	year="2008",
}
@article{jian18,
	author="C. Jiang and B. Lim and S. Zhang",
	title="Three-dimensional shape measurement using a structured light system with dual projectors",
	journal="Appl. Opt.",
	volume="57",
	number="14",
	pages="3983-3990",
	year="2018",
}

%-------------------------------------------------------------------------------------------------------------------------------------------------------------------------------
%Miscellaneous list (including wiki)
@misc{curlm00,
           author="Curless, B. and Seitz, S.",
           title="3d photography",
           NOTE="ACM Siggraph '00 Course Notes",
           number="19",
           year="2000",
}

@misc{3dwk18,
	author="Wikipedia",
           title="3D scanner",
	url="https://en.wikipedia.org/wiki/3D_scanner",
	note="[Online; accessed 5-August-2018]",
   	year="2018",
}

@misc{slwk18,
	author="Wikipedia",
           title="Structured-light 3D scanner",
	url="https://en.wikipedia.org/wiki/Structured-light_3D_scanner",
	note="[Online; accessed 7-August-2018]",
   	year="2018",
}

@misc{dbwk18,
	author="Wikipedia",
           title="De Bruijn sequence",
	url="https://en.wikipedia.org/wiki/De_Bruijn_sequence",
	note="[Online; accessed 21-August-2018]",
   	year="2018",
}

@misc{alwb18,
	author="Alchitry",
	title="https://alchitry.com/products/mojo-v3",
	url="https://alchitry.com/products/mojo-v3",
	note="[Online; accessed 12-August-2018]",
	year="2018"
}

%PhD thesis list
@phdthesis{lphd10,
	author="Liu, Kai.",
   	title="Real-time 3-D reconstruction by means of structured light illumination",
	school="University of Kentucky",
	year="2010",
}

@phdthesis{wphd10,
	author="Wang, Yongchang.",
	title="Novel approaches in structured light illumination",
	school="University of Kentucky",
	year="2010",
}

%Book list
@book{dmbk12,
	author="Malik, Aamir. Saeed. and Choi, Tae-Sun. and Nisar, Humaira.",
	title="Depth map and 3D imaging applications: algorithms and technologies",
	publisher="Information Science Reference",
	isbn="978-1-61350-326-3",
	year="2012",
}


@book{scbk99,
	author="Mayer, R.",
	title="Scientific Canadian: Invention and Innovation from Canada's National Research Council",
	publisher="Vancouver:Raincoast Books",
	isbn="1-55192-266-5",
	year="1999",
}

%Technique Documentation
@misc{s3xa10,
	 author="Feng, B.",
	title="Implementing a TMDS Video Interface in the Spartan-6 FPGA",
	journal="XAPP495",
	year="December 13, 2010",
}

@misc{s6xa11,
	author="Feng, B and Crabill, E",
	title="Video Connectivity Using TMDS I/O in Spartan-3A FPGAs",
	journal="XAPP460",
	year="June 24, 2011",
}

%------------------------------------------- Added when writing SPIE paper -----------------------------------------------------------------------------------------
@article{miya11,
	author="K. Miyata and R. Shiroishi and Y. Inoue",
	title="Applying AR technology with a projector-camera system in a history museum",
	journal="Proc. SPIE",
	volume="7866",
	number="1",
	pages="D0-D6",
	year="2011",
}
@article{kemm16,
	author="Y. Kemmoku and T. Komuro",
	title="AR tabletop interface using a head-mounted projector",
	journal="IEEE International Symposium on Mixed and Augmented Reality ",
	pages="288-291",
	year="2016",

}
@article{dosh17,
	author="A. Doshi and R. Smith and B. Thomas and C. Bouras",
	title="Use of projector based augmented reality to improve manual spot-welding procision and accuracy for automotive manufacturing",
	journal="The International Journal of Advanced Manufacturing Technology",
	volume="89",
	number="5",
	pages="1279-1293",
	year="2017",
}
@article{gree08,
	author="M. Greenspan and J. Lam and M. Godard and I. Zaidi and S. Jordan and W. Leckie and K. Anderson and K. Dupuis",
	title="Toward a competitive pool-playing robot",
	journal="Computer",
	volume="41",
	number="1",
	pages="46-53",
	year="2008",
}
@article{wood16,
	author="T. L. Woods and S. Reed and S. Hsi and J. A. Woods and M. R. Woods",
	title="Pilot study using the augmented reality  sandbox to teach topographic maps and surficial processes in introductory geology labs",
	journal="Journal of Geoscience Enducation",
	volume="64",
	number="3",
	pages="199-214",
	year="2016",
}
@article{afro18,
	author="A. Afrooz and H. Ballal and C. Pettit",
	title="Implementing augmented reality sandbox in geodesign, a future for geodesign",
	journal="ISPRS Annals of the Photogrammetry, Remote Sensing and Spatial Information Sciences",
	volume="IV-4",
	pages="5-12",
	year="2018",
}
@article{uchi08,
	author="H. Uchiyama and H. Saito",
	title="AR supporting system for pool games using a camera-mounted handheld display",
	journal="Advances in Human-Computer Interaction",
	volume="2008",
	year="2008",
}
@manual{edid00,
	organization="Video Electronics Standards Association (VESA)",
	title="E-EDID standard",
	year="2000",
	month="February",
	note="Rev. 1",
}
@manual{hdmi14,
	organization="HDMI Licensing, LLC",
	title="High-Definition Multimedia Interface Specification",
	year="2009",
	month="November",
	note="Version 1.4",	
}
@manual{nvid18,
	organization="NVIDIA",
	title="CUDA runtime API reference manual",
	year="2018",
	month="July",
	note="vRelease Version",
}
@manual{tilc17,
	organization="Texas Instruments",
	title="TI DLP LightCrafter 4500 Evaluation Module User's Guide",
	year="2017",
	month="July",
	number="DLPU011F",	
}
@misc{ml75st,
	title="ML750ST",
	howpublished="\url{https://www.bhphotovideo.com/c/product/1213546-REG/optoma_technology_ml750st_700_lumen_wxga.html?ap=y&gclid=EAIaIQobChMIv7GHra--3gIVxoSzCh2oAwfyEAQYAyABEgKHsfD_BwE&smp=y}",
}
@misc{lume70,
	title="Product specifications",
	howpublished="\url {https://www.optoma.com/us/product/ml750st/}",
}
@misc{hdmi50,
	title="50 feet cable",
	howpublished="\url {https://www.monoprice.com/product?p_id=2678&gclid=EAIaIQobChMI5tiHhbS-3gIVTb7ACh2v6QdtEAQYAiABEgLkLvD_BwE}",
}
@misc{repe00,
	title="HDMI repeater",
	howpublished="\url {https://nerdtechy.com/best-hdmi-signal-amplifier-boosters}",
}
@misc{glop18,
	title="Greenlight DLP projection optics",
	howpublished="\url {https://www.greenlightoptics.com/intro.aspx?id=1000}",
}
@misc{ajil18,
	title="AJP-4500 structured light dmd projector",
	howpublished="\url {https://ajile.ca/ajp-4500/}",
}
@misc{lcft18,
	title="Lightcrafter 4500",
	howpublished="\url {http://www.ti.com/tool/DLPLCR4500EVM}",
}
@article{curl96,
	author="B. Curless and M. Levoy",
	title="A volumetric method for building complex models from range images",
	journal="Proceedings on computer graphics and interactive techniques",
	pages="303-312",
	year="1996",
}
@article{gokt04,
	author="S. B. Gokturk and H. Yalcin and C. Bamji",
	title="A time-of-flight depth sensor-system description, issues and solutions",
	journal="Conference on Computer vision and pattern recognition workshop",
	pages="35-35",
	year="2004",
}
@article{koni06,
	author="T. P. Koninckx and L. Van Gool",
	title="Real-time range acquisition by adaptive structured light",
	journal="IEEE Trans. Pattern Anal. Mach. Intell.",
	volume="28",
	number="3",
	pages="432-445",
	year="2006",
}
@article{take83,
	author="M. Takeda and K. Mutoh",
	title="Fourier transform profilometry for the automatic measurement of 3-D object shapes",
	journal="Appl. Opt.",
	volume="22",
	number="24",
	pages="3977-3982",
	year="1983",
}
@article{zhan04,
	author="S. Zhang and P. Huang",
	title="High-resolution, real-time 3d shape acquisition",
	journal="Conference on Computer Vision and Pattern Recognition Workshop",
	volume="3",
	pages="28-37",
	year="2004",
}
@article{gong10,
	author="Y. Gong and S. Zhang",
	title="Ultrafast 3-D shape measurement with an off-the-shelf DLP projector",
	journal="Opt. Express",
	volume="18",
	number="19",
	pages="19743-19754",
	year="2010",
}
@article{guan05,
	author="C. Guan and L. G. Hassebrook and D. L. Lau and V. G. Yalla",
	title="Composite pattern structured light projection for human computer interaction in space",
	journal="Proc. SPIE",
	volume="5798",
	year="2005",
}
@article{anyt16,
	author="Y. An and T. Bell and B. Li and J. Xu and S. Zhang",
	title="Method for large-range structured light system calibration",
	journal="Appl. Opt.",
	volume="55",
	number="33",
	pages="9563-9572",
	year="2016",
}
@article{yuan12,
	author="J. Yuan and S. Du and D. Zhao and Y. Yu and Y. Zhou",
	title="Adaptive color calibration based one-shot structured light system",
	journal="Sensors",
	volume="12",
	number="8",
	pages="10947-10963",
	year="2012",
}
@manual{vesa07,
	organization="Video Electronics Standards Association",
	title="VESA and industry standards and guidelines for computer display monitor timing",
	year="2007",
	month="May",
	note="Version 1.0",	
}